@Book{lafrance2015,
    title = {Physique 3 : Ondes, optique et phyique moderne},
    author = {René Lafrance and Jean Parent},
    publisher = {Chenelière Éducation},
    address = {Montréal},
    year = {2015},
    edition = {1st},
}
